
@proceedings{fax-rle,
	title = {International digital facsimile coding standards, Proceedings of the IEEE 7},
	year = 1980,
	volume =  68,
	editor = {Roy Hunter and A. Harry Robinson},
	pages = {854--867}
}
@TECHREPORT{Burrows94,
	author = {M. Burrows and D. J. Wheeler},
	title = {A block-sorting lossless data compression algorithm},
	institution = {Systems Research Center},
	year = {1994}
}
@book{kolmogorov,
	author = {A. N. Kolmogorov},
	journal = {Sankhyā: The Indian Journal of Statistics, Series A (1961-2002)},
	pages = {369--376},
	publisher = {Springer},
	title = {On Tables of Random Numbers},
	volume = {25},
	year = {1963}
}
@inproceedings{vsipek2019exploring,
	title={Exploring Aspects of Polyglot High-Performance Virtual Machine GraalVM},
	author={{\v{S}}ipek, Matija and Mihaljevi{\'c}, B and Radovan, A},
	booktitle={2019 42nd International Convention on Information and Communication Technology, Electronics and Microelectronics (MIPRO)},
	pages={1671--1676},
	year={2019},
	organization={IEEE}
}

@proceedings{DBLP:journals/corr/Duda13,
	title     = {{Asymmetric numeral systems as close to capacity low state entropy coders}},
	editor    = {Jarek Duda},
	publisher   = {The Computing Research Repository (CoRR)},
	volume    = {abs/1311.2540},
	year      = {2013},
	url       = {http://arxiv.org/abs/1311.2540},
	archivePrefix = {arXiv},
	eprint    = {1311.2540},
	timestamp = {Mon, 13 Aug 2018 16:49:10 +0200},
	biburl    = {https://dblp.org/rec/bib/journals/corr/Duda13},
	bibsource = {dblp computer science bibliography, https://dblp.org}
}
  @article{inducedSortingSA,
	author = {Navarro, Gonzalo and M\"{a}kinen, Veli},
	title = {Compressed Full-Text Indexes},
	year = {2007},
	issue_date = {April 2007},
	publisher = {Association for Computing Machinery},
	address = {New York, NY, USA},
	volume = {39},
	number = {1},
	issn = {0360-0300},
	url = {https://doi.org/10.1145/1216370.1216372},
	doi = {10.1145/1216370.1216372},
	journal = {ACM Comput. Surv.},
	month = apr,
	pages = {2–es},
	numpages = {61},
	keywords = {text compression, entropy, Text indexing}
}
@article{DBLP:journals/corr/abs-1710-01896,
	author    = {Johannes Fischer and
	Florian Kurpicz},
	title     = {Dismantling DivSufSort},
	journal   = {CoRR},
	volume    = {abs/1710.01896},
	year      = {2017},
	url       = {http://arxiv.org/abs/1710.01896},
	archivePrefix = {arXiv},
	eprint    = {1710.01896},
	timestamp = {Mon, 13 Aug 2018 16:49:13 +0200},
	biburl    = {https://dblp.org/rec/bib/journals/corr/abs-1710-01896},
	bibsource = {dblp computer science bibliography, https://dblp.org}
}
@article{DBLP:journals/corr/abs-1201-3077,
	author    = {Joseph Yossi Gil and
	David Allen Scott},
	title     = {A Bijective String Sorting Transform},
	journal   = {CoRR},
	volume    = {abs/1201.3077},
	year      = {2012},
	url       = {http://arxiv.org/abs/1201.3077},
	archivePrefix = {arXiv},
	eprint    = {1201.3077},
	timestamp = {Mon, 13 Aug 2018 16:46:41 +0200},
	biburl    = {https://dblp.org/rec/bib/journals/corr/abs-1201-3077},
	bibsource = {dblp computer science bibliography, https://dblp.org}
}
@INPROCEEDINGS{CalgaryCorpusCritic,
	author={R. {Arnold} and T. {Bell}},
	booktitle={Proceedings DCC '97. Data Compression Conference},
	title={A corpus for the evaluation of lossless compression algorithms},
	year={1997},
	volume={},
	number={},
	pages={201-210},
	keywords={data compression;digital storage;encoding;decoding;lossless compression algorithms;Calgary corpus;Internet;high capacity secondary storage;personal computers;compression methods testing;Canterbury corpus;encoding;compression methods performance;decoding;Compression algorithms;Entropy;Decoding;Computer science;Convergence;Encoding;Internet;Microcomputers;Testing},
	doi={10.1109/DCC.1997.582019},
	ISSN={1068-0314},
	month={March},}

@article{calgaryCorpus,
	title={Calgary corpus},
	author={Witten, Ian and Bell, Timothy and Cleary, J},
	journal={University of Calgary, Canada},
	year={1987}
}

@InProceedings{Burrows-linear-time,
	author="Okanohara, Daisuke
	and Sadakane, Kunihiko",
	editor="Karlgren, Jussi
	and Tarhio, Jorma
	and Hyyr{\"o}, Heikki",
	title="A Linear-Time Burrows-Wheeler Transform Using Induced Sorting",
	booktitle="String Processing and Information Retrieval",
	year="2009",
	publisher="Springer Berlin Heidelberg",
	pages="90--101",
	abstract="To compute Burrows-Wheeler Transform (BWT), one usually builds a suffix array (SA) first, and then obtains BWT using SA, which requires much redundant working space. In previous studies to compute BWT directly [5,12], one constructs BWT incrementally, which requires O(n logn) time where n is the length of the input text. We present an algorithm for computing BWT directly in linear time by modifying the suffix array construction algorithm based on induced sorting [15]. We show that the working space is O(n log$\sigma$loglog$\sigma$n) for any $\sigma$ where $\sigma$ is the alphabet size, which is the smallest among the known linear time algorithms.",
	isbn="978-3-642-03784-9"
}
@book{rle-dna,
	author="Lehotay-K{\'e}ry, P{\'e}ter
	and Kiss, Attila",
	editor="Nguyen, Ngoc Thanh
	and Gaol, Ford Lumban
	and Hong, Tzung-Pei
	and Trawi{\'{n}}ski, Bogdan",
	title="GenPress: A Novel Dictionary Based Method to Compress DNA Data of Various Species",
	booktitle="Intelligent Information and Database Systems",
	year="2019",
	publisher="Springer International Publishing",
	pages="385--394",
	abstract="There can be a data boom in the near future, due to cheaper methods make possible for everyone to keep their own DNA on their own device or on a central medical cloud. With the development of sequencing methods, we are able to get the sequences of more and more species. However the size of the human genome is about 3 GB for each person. And for other species it can be more.",
	isbn="978-3-030-14802-7"
}


@proceedings{entropy-new,
	title={A new look at the classical entropy of written English},
	editor={Fabio G. {Guerrero}},
	journal={IEEE Transaction on Information Theory},
	year={2009}
}

@book{entropy,
	author={C. E. {Shannon}},
	journal={The Bell System Technical Journal},
	title={Prediction and entropy of printed English},
	year={1951},
	volume={30},
	pages={50-64},
	publisher = {Institute of Electrical and Electronics Engineers},
	doi={10.1002/j.1538-7305.1951.tb01366.x},
	month={Jan},}

@proceedings{lz,
	editor={J. {Ziv} and A. {Lempel}},
	publisher={IEEE 3 Transactions on Information Theory},
	title={A universal algorithm for sequential data compression},
	year=1977,
	volume=23,
	pages="337--343",
	keywords={Sequential coding;Source coding},
	doi={10.1109/TIT.1977.1055714},
	ISSN={1557-9654},
	month={May},}

@book{entropy-fernau,
	author={Maciej {Liśkiewicz} and Henning {Fernau}},
	title={Datenkompression},
	publisher={Institut fur Theoretische Informatik, Medizinische Universit zu Lübeck},
	year = {2013},
	pages={10-16}}

@book{compressionIntroduction,
	author={Guy E. {blelloch}},
	title={Introduction to Data Compression},
	publisher = {Computer Science Department Carnegie Mellon University},
	year = {2013},
	pages={13-15}}

@article{mahoney2011large,
	title={Large text compression benchmark},
	author={Mahoney, Matt},
	journal={URL: http://www.mattmahoney.net/text/text.html},
	year={2011}
}
@misc{mahoney2009data,
	title={Data compression programs},
	author={Mahoney, Matt},
	year={2009},
	publisher={Overview over PAQ based compression software. http://mattmahoney. net/dc~…}
}
@article{kufleitner2009bijective,
	title={On bijective variants of the Burrows-Wheeler transform},
	author={Kufleitner, Manfred},
	journal={arXiv preprint arXiv:0908.0239},
	year={2009}
}


@inbook{sloman,
  author =       {David Hutchison and
                  Geoff Coulson and
                  Andrew Campbell and 
                  Gordon S. Blair},
  title =        {Quality of Service Management in Distributed Systems},
  booktitle =    {Network and Distributed Systems Management},
  chapter =      11,
  publisher =    {Addison Wesley},
  year =         1994,
  note =         {Editor: Morris Sloman},
  pages =        {273--302}
}

@techreport{techrep1,
	editor      = {The {ATM} Forum},
        institution = {The {E}uropean {M}arket {A}wareness {C}ommittee},
	title	    = {{ATM} Service Categories: The Benefits to the User},
        type        = {{W}hite {P}aper},
	month	    = may,
	year	    = 1996
}

@book{deutsch1996rfc1951,
	title={RFC1951: DEFLATE compressed data format specification version 1.3},
	author={Deutsch, Peter},
	year={1996},
	publisher={RFC Editor}	
} 
 @article{10.1145/322344.322346,
author = {Storer, James A. and Szymanski, Thomas G.},
title = {Data Compression via Textual Substitution},
year = {1982},
issue_date = {October 1982},
publisher = {Association for Computing Machinery},
address = {New York, NY, USA},
volume = {29},
number = {4},
issn = {0004-5411},
url = {https://doi.org/10.1145/322344.322346},
doi = {10.1145/322344.322346},
journal = {J. ACM},
month = oct,
pages = {928–951},
numpages = {24}
}

@Book{chenFoxlyndonTheorem,
	Author = {M. {Lothaire}},
	Title = {{Combinatorics on words. Foreword by Roger Lyndon. 2nd ed.}},
	FJournal = {{Encyclopedia of Mathematics and Its Applications}},
	Journal = {{Encycl. Math. Appl.}},
	ISSN = {0953-4806},
	Volume = {17},
	Edition = {2nd ed.},
	ISBN = {0-521-59924-5/pbk},
	Pages = {xvii + 238},
	Year = {1997},
	Publisher = {Cambridge: Cambridge University Press},
	Language = {English},
	MSC2010 = {20M05 20-02 20M35 05-02 68Q45 94B25 03D03 68R15},
	Zbl = {0874.20040}
}
@proceedings{mcKillan,
	author={B. {McMillan}},
	publisher={IRE Transactions on Information Theory},
	title={Two inequalities implied by unique decipherability},
	year={1956},
	volume={2},
	number={4},
	pages={115-116},
	keywords={Decoding;Information theory;Sufficient conditions;Information analysis;Information theory;Statistical analysis;Telephony},
	doi={10.1109/TIT.1956.1056818},
	ISSN={2168-2712},
	month={December},}

@Article{lyndonFactorLinearTime,
	Author = {Jean Pierre {Duval}},
	Title = {{Factorizing words over an ordered alphabet.}},
	FJournal = {{Journal of Algorithms}},
	Journal = {{J. Algorithms}},
	ISSN = {0196-6774},
	Volume = {4},
	Pages = {363--381},
	Year = {1983},
	Publisher = {Elsevier, San Diego, CA},
	Language = {English},
	MSC2010 = {68P10},
	Zbl = {0532.68061}
}


@article{rle-bio,
 author = {A. Al-Okaily and B Almarri and S Al Yami and CH. Huang},
 title = {Toward a Better Compression for DNA Sequences Using Huffman Encoding},
 journal = { J Comput Biol.},
 year = { 2017},
 volume = {24 },
 number = {4},
 pages = {280–288},
 doi = { 10.1089/cmb.2016.0151 },
}

@Misc{qosr,
 author  = {E. Crawley and R. Nair and B. Rajagopalan and H. Sandick},
 title   = {A Framework for QoS-based Routing in the Internet},
 howpublished = {RFC 2386 (Informational)},
 organization = {IETF},
 year    = 1998,
 month   = aug
}

@book{palette-image,
	title={An introduction to computer images},
	author={Dallwitz, MJ},
	publisher={TDWG},
	volume={7},
	number={10},
	pages={2},
	year={1992}
}


@Manual{TB98,
  title =        {Technische Beschreibung f"ur System 4711},
  author =       {Fred Stenz and Willi Weich and Dieter Drollig and 
                  Kurt Klein and Guenter Ganz},
  year =         1998
}

@Manual{ITU,
	title =        {T.4 : Standardization of Group 3 facsimile terminals for document transmission},
	author =       {International Telecommunication Union (ITU)},
	year =         2004
}

@misc{IoStreamsKotlin,
	title = {IOStreams for Kotlin, library},
	description ={IO Streaming library for Kotlin},
	author = {Alexander Kornilov},
	year = {2019},
	version = {0.33},
	journal = {Bitbucket},
	howpublished = {\url{https://bitbucket.org/akornilov/binary-streams/downloads/binary-streams.pdf}}
}

@misc{LibDivSufSort,
	title = {LibDivSufSort, suffix sorting algorithm in C},
	author = {Yuta Mori},
	year = {2015},
	version = {2.0.1},
	journal = {GitHub repository},
	howpublished = {\href{https://github.com/y-256/libdivsufsort}{github}}
}

@misc{kanzi,
	title = {Kanzi, State-of-the-art lossless data compression in Java},
	author = {flanglet},
	year = {2019},
	version = {1.6},
	journal = {GitHub repository},
	howpublished = {\href{https://github.com/flanglet/kanzi/releases}{github}}
}

@misc{cmix,
	title = {cmix compression algorithm},
	author = {Byron Knoll},
	year = {2019},
	version = {v18},
	journal = {GitHub repository},
	howpublished = {\href{https://github.com/byronknoll/cmix/releases}{github}}
}



@proceedings{rle-patent,
	editor={A. Harry {Robinson} and C. {Cherry}},
	journal={Proceedings of the IEEE},
	title={Results of a prototype television bandwidth compression scheme, Proceedings of the IEEE 3},
	year={1967},
	volume={55},
	pages={356-364},
	keywords={Prototypes;Bandwidth;Detectors;Transmitters;TV broadcasting;Shape measurement;Testing;Data mining;Buffer storage;Research and development},
	doi={10.1109/PROC.1967.5493},
	month={March},}
